
@INPROCEEDINGS{Darwiche01alogical,
  author =       {Adnan Darwiche},
  title =        {A Logical Approach for Factoring Belief Networks},
  booktitle =    {In Proceedings of KR},
  year =         {2001},
  pages =        {409--420}
}

@inproceedings{ChoiChaviraDarwiche07,
  author =       {Arthur Choi and Mark Chavira and Adnan Darwiche},
  title =        {Node Splitting: A Scheme for Generating Upper Bounds
                  in Bayesian Networks},
  booktitle =    {Proceedings of the 23rd Conference on Uncertainty in
                  Artificial Intelligence (UAI)},
  year =         {2007},
  pages =        {57--66}
}


@inproceedings{darwicheAAAI02,
  author =       "Darwiche, Adnan",
  title =        {A Compiler for Deterministic, Decomposable Negation
                  Normal Form},
  booktitle =    "Proceedings of the Eighteenth National Conference on
                  Artificial Intelligence (AAAI)",
  pages =        {627--634},
  publisher =    "AAAI Press",
  address =      "Menlo Park, California",
  year =         {2002}
}
